%% This BibTeX bibliography file was created using BibDesk.
%% http://bibdesk.sourceforge.net/

@article{brooke1996sus,
  title={SUS-A quick and dirty usability scale},
  author={Brooke, John and others},
  journal={Usability evaluation in industry},
  volume={189},
  number={194},
  pages={4--7},
  year={1996},
  publisher={London--}
}
@article{ienca2017cybathlon,
 title={{Proactive ethical design for neuroengineering, assistive and rehabilitation technologies: The Cybathlon lesson}},
 author={Ienca, Marcello and Kressig, Reto W and Jotterand, Fabrice and Elger, Bernice},
 journal={Journal of neuroengineering and rehabilitation},
 volume={14},
 number={1},
 pages={115},
 year={2017},
 publisher={BioMed Central}
}


@article{samuelsson2008user,
  title={User satisfaction with mobility assistive devices: An important element in the rehabilitation process},
  author={Samuelsson, Kersti and Wressle, Ewa},
  journal={Disability and rehabilitation},
  volume={30},
  number={7},
  pages={551--558},
  year={2008},
  publisher={Taylor \& Francis}
}

@article{chen2016recent,
 title={Recent developments and challenges of lower extremity exoskeletons},
 author={Chen, Bing and Ma, Hao and Qin, Lai-Yin and Gao, Fei and Chan, Kai-Ming and Law, Sheung-Wai and Qin, Ling and Liao, Wei-Hsin},
 journal={Journal of Orthopaedic Translation},
 volume={5},
 pages={26--37},
 year={2016},
 publisher={Elsevier}
}
@article{poulson1998userfit,
 title={USERfit--a framework for user centred design in assistive technology},
 author={Poulson, David and Richardson, Simon},
 journal={Technology and Disability},
 volume={9},
 number={3},
 pages={163--171},
 year={1998},
 publisher={IOS Press}
}
@article{blanco2016xassess,
 title={Xassess: crossdisciplinary framework in user-centred design of assistive products},
 author={Blanco, Teresa and Berbegal, Alfredo and Blasco, Rub{\'e}n and Casas, Roberto},
 journal={Journal of Engineering Design},
 volume={27},
 number={9},
 pages={636--664},
 year={2016},
 publisher={Taylor \& Francis}
 }
@book{WHOSCI,
  title={International perspectives on spinal cord injury},
  author={World Health Organization and International Spinal Cord Society},
  year={2013},
  publisher={World Health Organization}
}

@article{National2016,
  title={Facts and figures at a glance},
  author={National Spinal Cord Injury Statistical Center and others},
  journal={Birmingham, AL: University of Alabama at Birmingham},
  pages={1--2},
  year={2016}
}

@article{riener2016cybathlon,
 title={{The Cybathlon promotes the development of assistive technology for people with physical disabilities}},
 author={Riener, Robert},
 journal={Journal of neuroengineering and rehabilitation},
 volume={13},
 number={1},
 pages={49},
 year={2016},
 publisher={BioMed Central}
}
@article{Richards1999access,
  title={Access to the environment and life satisfaction after spinal cord injury},
  author={Richards, J Scott and Bombardier, Charles H and Tate, Denise and Dijkers, Marcel and Gordon, Wayne and Shewchuk, Richard and DeVivo, Michael J},
  journal={Archives of physical medicine and rehabilitation},
  volume={80},
  number={11},
  pages={1501--1506},
  year={1999},
  publisher={Elsevier}
}

@incollection{sciencedirect,
  title={Exoskeletal assisted rehabilitation after spinal cord injury},
  author={Gorgey, Ashraf S and Sumrell, Ryan and Goetz, Lance L},
  booktitle={Atlas of Orthoses and Assistive Devices},
  pages={440--447},
  year={2019},
  publisher={Elsevier}
}

@article{ritter2003,
  title={Relationship-specific antecedents of customer involvement in new product development},
  author={Ritter, Thomas and Walter, Achim},
  journal={International Journal of Technology Management},
  volume={26},
  number={5-6},
  pages={482--501},
  year={2003},
  publisher={Geneva: Inderscience Enterprises Ltd, c1986-}
}

@article{janmeyer,
  title={User-centered Design and Evaluation of Physical Interfaces for an Exoskeleton for Paraplegic Users},
  author={Meyer, Jan T. and  Schrade, Stefan O. and Lambercy, Olivier and Gassert, Roger},
  year={2019},
}
@article{buurmann1997,
  title={User-centred design of smart products},
  author={Buurman, Rudy Den},
  journal={Ergonomics},
  volume={40},
  number={10},
  pages={1159--1169},
  year={1997},
  publisher={Taylor \& Francis}
}
@article{wu2009ucd,
  title={A new user-centered design approach: A hair washing assistive device design for users with shoulder mobility restriction},
  author={Wu, Fong-Gong and Ma, Min-Yuan and Chang, Ro-Han},
  journal={Applied Ergonomics},
  volume={40},
  number={5},
  pages={878--886},
  year={2009},
  publisher={Elsevier}
}

@book{tullisalbert,
  title={Measuring the user experience: collecting, analyzing, and presenting usability metrics},
  author={Albert, William and Tullis, Thomas},
pages={121--162},
  year={2013},
  publisher={Newnes}
}

@article{solaimanshokur,
  title={Assimilation of virtual legs and perception of floor texture by complete paraplegic patients receiving artificial tactile feedback},
  author={Shokur, Solaiman and Gallo, Simone and Moioli, Renan C and Donati, Ana Rita C and Morya, Edgard and Bleuler, Hannes and Nicolelis, Miguel AL},
  journal={Scientific reports},
  volume={6},
  pages={32293},
  year={2016},
  publisher={Nature Publishing Group}
}

@article{GerhardKuert,
  title={Vibrotactile feedback for exoskeletons – Augmentation of foot contact perception during gait},
  author={Kuert, Gerhard and Debrunner, Daniel},
  year={2016},
}

@article{soames1985foot,
  title={Foot pressure patterns during gait},
  author={Soames, RW},
  journal={Journal of biomedical engineering},
  volume={7},
  number={2},
  pages={120--126},
  year={1985},
  publisher={Elsevier}
}


@article{bangor,
  title={Determining what individual SUS scores mean: Adding an adjective rating scale},
  author={Bangor, Aaron and Kortum, Philip and Miller, James},
  journal={Journal of usability studies},
  volume={4},
  number={3},
  pages={114--123},
  year={2009},
  publisher={Usability Professionals' Association}
}

@article{collinger2013functional,
  title={Functional priorities, assistive technology, and brain-computer interfaces after spinal cord injury},
  author={Collinger, Jennifer L and Boninger, Michael L and Bruns, Tim M and Curley, Kenneth and Wang, Wei and Weber, Douglas J},
  journal={Journal of rehabilitation research and development},
  volume={50},
  number={2},
  pages={145},
  year={2013},
  publisher={NIH Public Access}
}

@article{varilegenhanced,
  title={VariLeg enhanced: Final Report},
  author={Bachmann, Eric and Bührer, Nick and Elmiger, Remo and Füllemann, Robert and Granzotto, Lukas and Heid, Michael and Heimhofer, Caroline and Hodel, Pascal and Lauener, Lukas and Qi, Shuaixin and Ritter, Simon and Tissari, Laura and Voellmy, Xenia and Wertli, Nico and Zahner, Julia },
  year={2019},
}

@article{likert,
  title={Likert scales and data analyses},
  author={Allen, I Elaine and Seaman, Christopher A},
  journal={Quality progress},
  volume={40},
  number={7},
  pages={64--65},
  year={2007}
}

%%%% Websites
@online{ASIA,
  author = {},
  title = {{Americal Spinal Injury Association, 2017}},
  year =  {},
  url = {http://www.asia-spinalinjury.org},
  urldate = {2019-07-12}
}

@online{Footsensor,
  author = {},
  title = {{IEE: A sense for innovation, 2019-07-12}},
  year =  {},
  url = {https://www.iee.lu/de/products/sports-healthcare/smart-foot-sensor},
  urldate = {2019-07-12}
}

@online{Valenser,
  author = {},
  title = {{Valenser Schiene, illustration, 2019-07-12}},
  year =  {},
  url = {http://www.orthopaedie-vogel.de/Orthesen/Valenser.htm},
  urldate = {2019-07-12}
}
@online{cybathlonwebpage,
  author = {},
  title = {{CYBATHLON, ETH Zurich, 2019-07-12}},
  year =  {},
  url = {http://www.cybathlon.ethz.ch/},
  urldate = {2019-07-12}
}
@online{Ottobock,
  author = {},
  title = {{Ottobock, 2019-07-12}},
  year =  {},
  url = {http://www.ottobock.com/},
  urldate = {2019-07-12}
}

%%%%%%%%%%%%%% Other Exos
 
@online{eksobionics,
  author = {},
  title = {{Ekso Bionics, 2019-07-12}},
  year =  {},
  url = {http://www.eksobionics.com/},
  urldate = {2019-07-12}
}

@online{rewalk,
  author = {},
  title = {{ReWalk Robotics, 2019-07-12}},
  year = {},
  url = {http://rewalk.com/},
  urldate = {2019-07-12}
}

@online{indego,
  author = {},
  title = {{Parker Hannifin Corp., 2019-07-12}},
  year = {},
  url = {http://www.indego.com/},
  urldate = {2019-07-12},

}

@online{twiice,
  author = {},
  title = {{TWIICE, 2019-07-12}},
  year = {},
  url = {http://www.twiice.ch/},
  urldate = {2019-07-12},

}

@inproceedings{vouga2017twiice,
  title={TWIICE—A lightweight lower-limb exoskeleton for complete paraplegics},
  author={Vouga, Tristan and Baud, Romain and Fasola, Jemina and Bouri, Mohamed and Bleuler, Hannes},
  booktitle={2017 International Conference on Rehabilitation Robotics (ICORR)},
  pages={1639--1645},
  year={2017},
  organization={IEEE}
}


@online{projectmarch,
  author = {},
  title = {{Project March, 2019-07-12}},
  year = {},
  url = {http://www.project-march.nl/},
  urldate = {2019-07-12},

}

@article{schrade,
  title={{Development of VariLeg, an exoskeleton with variable stiffness actuation: first results and user evaluation from the CYBATHLON 2016}},
  author={Schrade, Stefan O and D{\"a}twyler, Katrin and St{\"u}cheli, Marius and Studer, Kathrin and T{\"u}rk, Daniel-Alexander and Meboldt, Mirko and Gassert, Roger and Lambercy, Olivier},
  journal={Journal of neuroengineering and rehabilitation},
  volume={15},
  number={1},
  pages={18},
  year={2018},
  publisher={BioMed Central}
}
